<record><leader>00000cas a2200000 a 4500</leader><controlfield tag="001">13342065</controlfield><controlfield tag="008">860325d18601864iluir ne      0   a0eng c</controlfield><datafield ind1=" " ind2=" " tag="010"><subfield code="a">sn 86086395 </subfield></datafield><datafield ind1=" " ind2=" " tag="040"><subfield code="a">NPV</subfield><subfield code="b">eng</subfield><subfield code="c">NPV</subfield><subfield code="d">PPM</subfield><subfield code="d">NVF</subfield><subfield code="d">OCL</subfield><subfield code="d">NVF</subfield><subfield code="d">OCLCQ</subfield><subfield code="d">OCLCF</subfield><subfield code="d">NVF</subfield><subfield code="d">OCLCO</subfield></datafield><datafield ind1="1" ind2=" " tag="029"><subfield code="a">AU@</subfield><subfield code="b">000020439336</subfield></datafield><datafield ind1=" " ind2=" " tag="042"><subfield code="a">pcc</subfield></datafield><datafield ind1=" " ind2=" " tag="043"><subfield code="a">n-us-il</subfield></datafield><datafield ind1="0" ind2="0" tag="245"><subfield code="a">Chicago tri-weekly tribune.</subfield></datafield><datafield ind1="1" ind2="3" tag="246"><subfield code="a">Tri-weekly Chicago tribune</subfield></datafield><datafield ind1="3" ind2=" " tag="246"><subfield code="a">Chicago tri weekly tribune</subfield></datafield><datafield ind1="3" ind2=" " tag="246"><subfield code="a">Chicago triweekly tribune</subfield></datafield><datafield ind1="3" ind2=" " tag="246"><subfield code="a">Tri weekly Chicago tribune</subfield></datafield><datafield ind1="3" ind2=" " tag="246"><subfield code="a">Triweekly Chicago tribune</subfield></datafield><datafield ind1=" " ind2=" " tag="260"><subfield code="a">Chicago, Ill. :</subfield><subfield code="b">John L. Scripps, William Bross, Charles H. Ray, Joseph Medill, Alfred Cowles</subfield></datafield><datafield ind1=" " ind2=" " tag="300"><subfield code="a">v.</subfield></datafield><datafield ind1=" " ind2=" " tag="310"><subfield code="a">Triweekly</subfield></datafield><datafield ind1="1" ind2=" " tag="362"><subfield code="a">Began in Oct. 1860; ceased in 1864.</subfield></datafield><datafield ind1=" " ind2=" " tag="500"><subfield code="a">"Tri-weekly" appears in masthead ornament.</subfield></datafield><datafield ind1=" " ind2=" " tag="588"><subfield code="a">Description based on: Vol. 14, no. 102 (Oct. 29, 1860).</subfield></datafield><datafield ind1=" " ind2=" " tag="588"><subfield code="a">Latest issue consulted: June 22, 1864.</subfield></datafield><datafield ind1=" " ind2="0" tag="651"><subfield code="a">Chicago (Ill.)</subfield><subfield code="v">Newspapers.</subfield></datafield><datafield ind1=" " ind2="7" tag="651"><subfield code="a">Illinois</subfield><subfield code="z">Chicago.</subfield><subfield code="2">fast</subfield><subfield code="0">(OCoLC)fst01204048</subfield></datafield><datafield ind1=" " ind2="7" tag="655"><subfield code="a">Newspapers.</subfield><subfield code="2">fast</subfield><subfield code="0">(OCoLC)fst01423814</subfield></datafield><datafield ind1=" " ind2=" " tag="752"><subfield code="a">United States</subfield><subfield code="b">Illinois</subfield><subfield code="c">Cook</subfield><subfield code="d">Chicago.</subfield></datafield><datafield ind1="0" ind2=" " tag="775"><subfield code="t">Chicago daily tribune (Chicago, Ill. : 1860)</subfield><subfield code="w">(DLC)sn 84031490</subfield><subfield code="w">(OCoLC)11019356</subfield></datafield><datafield ind1="0" ind2=" " tag="775"><subfield code="t">Chicago weekly tribune (Chicago, Ill. : 1860)</subfield><subfield code="w">(DLC)sn 85033659</subfield><subfield code="w">(OCoLC)12153068</subfield></datafield><datafield ind1="0" ind2="0" tag="780"><subfield code="t">Press and tribune (Chicago, Ill. : Triweekly)</subfield><subfield code="w">(DLC)sn 87090525</subfield><subfield code="w">(OCoLC)16003441</subfield></datafield><datafield ind1="0" ind2="0" tag="785"><subfield code="t">Chicago tribune (Chicago, Ill. : Triweekly)</subfield><subfield code="w">(DLC)sn 91055477</subfield><subfield code="w">(OCoLC)24997687</subfield></datafield></record>